@BOOK {ProgrammingInGo,
    author    = "Mark Summerfield",
    title     = "Programming in Go: Creating Applications for the 21st Century",
    publisher = "Addison-Wesley",
    year      = "2012"
}
@UNPUBLISHED {TheGoProgrammingLanguage,
    author = "Rob Pike",
    title  = "The Go Programming Language",
    note   = "\underline{\href{https://www.google.com/url?sa=t\&rct=j\&q=\&esrc=s\&source=web\&cd=1\&cad=rja\&uact=8\&ved=0ahUKEwi-3LXnqYPcAhWMnJAKHXdUCdIQFggrMAA\&url=https\%3A\%2F\%2Ftalks.golang.org\%2F2009\%2Fgo_talk-20091030.pdf\&usg=AOvVaw2bhuOI9YAt3FMYwz7g-d5x}{Google Techtalk}}",
    month  = "oct",
    year   = "2009"
}
@INBOOK {AnIntroductionToProgrammingInGo:Concurrency,
    author    = "Caleb Doxsey",
    title     = "An Introduction to Programming in Go",
    chapter   = "10. Concurrency",
    publisher = "Google",
    year      = "2012"
}
@INBOOK {BookTheGoProgrammingLanguage:Preface,
    author    = "Alan A. A. Donovan; Brian W. Kernighan",
    title     = "The Go Programming Language",
    chapter   = "Preface",
    publisher = "Addison-Wesley",
    year      = "2016"
}
@INBOOK {TheWayToGo:Origins,
    author    = "Ivo Balbaert",
    title     = "The Way to Go: A Thorough Introduction to the Go Programming Language",
    chapter   = "1. Origins and Evolution",
    publisher = "iUniverse",
    year      = "2012"
}
@INBOOK {TheWayToGo:Methods,
    author    = "Ivo Balbaert",
    title     = "The Way to Go: A Thorough Introduction to the Go Programming Language",
    chapter   = "10. Structs and Methods",
    publisher = "iUniverse",
    year      = "2012"
}
@INBOOK {TheWayToGo:Interfaces,
    author    = "Ivo Balbaert",
    title     = "The Way to Go: A Thorough Introduction to the Go Programming Language",
    chapter   = "11. Interfaces and reflection",
    publisher = "iUniverse",
    year      = "2012"
}
@INBOOK {TheWayToGo:Goroutines,
    author    = "Ivo Balbaert",
    title     = "The Way to Go: A Thorough Introduction to the Go Programming Language",
    chapter   = "14. Goroutines and channels",
    publisher = "iUniverse",
    year      = "2012"
}
@ONLINE {Wikipedia:runtime,
    author = "Wikipedia",
    title  = "Runtime system",
    month  = "jun",
    year   = "2018",
    url    = "https://en.wikipedia.org/wiki/Runtime_system"
}
@ONLINE {Wikipedia:first-class-citizen,
    author = "Wikipedia",
    title  = "First-class citizen",
    month  = "may",
    year   = "2018",
    url    = "https://en.wikipedia.org/wiki/First-class_citizen"
}
@ONLINE {GolangSpec,
    author = "Golang",
    title  = "Especificaciones del lenguaje Go",
    month  = "may",
    year   = "2018",
    url    = "https://golang.org/ref/spec"
}
@ONLINE {BlogGolangDeferPanicRecover,
    author = "The Go Blog",
    title  = "Defer, Panic, Recover",
    month  = "aug",
    year   = "2010",
    url    = "https://blog.golang.org/defer-panic-and-recover"
}
@ONLINE {MediumDeferPanicRecover,
    author = "Saddam H",
    title  = "go-101/ Defer, panic and recover",
    month  = "mar",
    year   = "2017",
    url    = "https://medium.com/@thedevsaddam/go-101-defer-panic-and-recover-65a40ee7dcb4"
}
@ONLINE {GolangBotGoroutines,
    author = "Naveen Ramanathan",
    title  = "Part 21: Goroutines",
    month  = "jul",
    year   = "2017",
    url    = "https://golangbot.com/goroutines/"
}
